%%%%%%%%%%%AAAAAAAAAAAAAAAAAAAAAAAAAAAAAAAAAAAAAAAAAAAAAAAA

@misc{alizadeh2007location,
	title={Location-based services that choose location algorithms based on number of detected access points within range of user device},
	author={Alizadeh-Shabdiz, F. and JONES, R.K. and MORGAN, E.J. and Shean, M.G.},
	url={https://www.google.com/patents/US7305245},
	year={2007},
	month=dec # "~4",
	publisher={Google Patents},
	note={US Patent 7,305,245}
}

@CONFERENCE{ALJ03,
  author = {R. Al-Jammal and E. Parkany},
  title = {The {I}ntegration of {Q}ualitative and {Q}uantitative {M}ethodologies: {F}ramework and {Q}uick {E}xamples},
  year = {2003},
  address = {Washington, D.C, USA},
  organization = {Transportation Research Board - Annual Meeting (CD-ROM)},
}

@ONLINE{andBatt,
	AUTHOR = {Android Developers},
	TITLE = "{{Reducing Network Battery Drain}}",
	howpublished = {Online},
	YEAR = "2016",
	address = "London, UK",
	source = "Online",
	url = "https://developer.android.com/training/performance/battery/network/index.html",
	note = "[Accessed 12 October 2016]",
}

@ONLINE{androidHtc,
	AUTHOR = "Mark Wilson",
	TITLE = "{{HTC Dream Android Phone}}",
	howpublished = "Online",
	YEAR = "2008",
	address = "London, UK",
	source = "Online",
	url =  "http://gizmodo.com/5053264/t-mobile-g1-full-details-of-the-htc-dream-android-phone.html",
	note = "[Accessed 17 October 2016]",
}

@ONLINE{androidLinux,
	AUTHOR = "How-To-Geek",
	TITLE = "{{Mobile Linux}}",
	howpublished = "Online",
	YEAR = "2014",
	address = "London, UK",
	source = "Online",
	url =  "https://www.verizonwireless.com/support/android-os-faqs/",
	note = "[Accessed 17 October 2016]",
}
@ONLINE{androidOS,
	AUTHOR = "Verizon Wireless",
	TITLE = "{{Android Operating System}}",
	howpublished = "Online",
	YEAR = "2016",
	address = "London, UK",
	source = "Online",
	url =  "https://www.verizonwireless.com/support/android-os-faqs/",
	note = "[Accessed 17 October 2016]",
}



%%%%%%%%%%%BBBBBBBBBBBBBBBBBBBBBBBBBBBBBBBBBBBBBBBBBBBBBBBB
@ONLINE{androidarch,
	AUTHOR = "Developer.com",
	TITLE = "{{Android Architecture}}",
	howpublished = "Online",
	YEAR = "2013",
	address = "London, UK",
	source = "Online",
	url =   "http://www.developer.com/imagesvr_ce/1638/CloudAndroid0_r1_c1.jpg",
	note = "[Accessed 02 May 2017]",
}

@ONLINE{admob,
	AUTHOR = "Brady Donnelly",
	TITLE = "{{How to Build a Mobile App That Won't Drain Your Battery}}",
	howpublished = "Online",
	YEAR = "2012",
	address = "New York, USA",
	source = "Online",
	url =   "http://mashable.com/2017/04/26/disconnect-with-this-phone/#7vAVhLpSeqqH",
	note = "[Accessed 03 May 2017]",
}

@ONLINE{androidlife,
	AUTHOR = "JavatPoint.com",
	TITLE = "{{Android Activity Lifecycle}}",
	howpublished = "Online",
	YEAR = "2013",
	address = "London, UK",
	source = "Online",
	url =   "https://www.javatpoint.com/images/androidimages/Android-Activity-Lifecycle.png",
	note = "[Accessed 03 May 2017]",
}

@CONFERENCE{Bag03,
  author =       {M. Bagchi  and P. White },
  title =        {Use of {P}ublic {T}ransport {S}mart {C}ard {D}ata for {U}nderstanding {T}ravel {B}ehaviour},
  year =         {2003},
  address =      {Strasbourg, France},
  organization = {Association for European Transport (CD-ROM)},
}

@ARTICLE{Bag04,
  AUTHOR =       "M. Bagchi  and P. White ",
  TITLE =        "What {R}ole for {S}mart-card {D}ata from {B}us {S}ystems?",
  JOURNAL =      "Municipal Engineer 157",
  YEAR =         "2004",
  volume =       "Issue MEI",
  pages =        "39046",
}

@PHDTHESIS{BAG03a,
  AUTHOR =       "M. Bagchi",
  TITLE =        "{U}se of {S}mart {C}ard {D}ata from {B}us {S}ystems for {T}ravel {B}ehaviour {A}nalysis, and {I}mplications for {M}arketing",
  SCHOOL =       "University of Westminster, London, UK",
  YEAR =         "2003a",
  type =    "{{PhD Thesis}}",
}

@BOOK{BOY98,
  AUTHOR =       "D. K. Boyle",
  editor =       "Transportation Research Board - National Research Council",
  TITLE =        "{{Passenger Counting Technologies And Procedures - A Synthesis of Transit Practice}}",
  PUBLISHER =    "NATIONAL ACADEMY PRESS",
  YEAR =         "1998",
  address =      "Washington, D.C., USA",
}

@inproceedings{bareth2011energy,
	title={Energy-efficient position tracking in proactive location-based services for smartphone environments},
	author={Bareth, Ulrich and Kupper, Axel},
	booktitle={2011 IEEE 35th Annual Computer Software and Applications Conference},
	pages={516--521},
	year={2011},
	organization={IEEE}
}

@ARTICLE{BenElgin,
	AUTHOR =       "Ben Eligin",
	TITLE =        "Google Buys Android for Its Mobile Arsenal",
	JOURNAL =      "Bloomberg Businessweek",
	YEAR =         "2005",
	volume =       "News Analysis",
	pages =        "121",
}



%%%%%%%%%%%CCCCCCCCCCCCCCCCCCCCCCCCCCCCCCCCCCCCCCCCCCCCCCCC

@ONLINE{cellHist,
	AUTHOR = "Martin Cooper",
	TITLE = "{{Inventor Of The Cellphone}}",
	howpublished = "Online",
	YEAR = "2006",
	address = "London, UK",
	source = "Online",
	url =          "http://www.cellular.co.za/cellphone_inventor.htm",
	note = "[Accessed 16 October 2016]",
}

@article{cheverst_davies_mitchell_friday_efstratiou_2000,
	title={Developing a context-aware electronic tourist guide}, 		
	DOI={10.1145/332040.332047}, 
	journal={Proceedings of the SIGCHI conference on Human factors in computing systems - CHI '00}, 
	author={Cheverst, Keith and Davies, Nigel and Mitchell, Keith and Friday, Adrian and Efstratiou, Christos}, 
	year={2000}} 

@TECHREPORT{CIE99,
  AUTHOR =       "CIE",
  TITLE =        "{{C\'{o}ras Iompair \'{E}ireann - Group Annual Report and Financial Statements 1999}}",
  INSTITUTION =  "C\'{o}ras Iompair \'{E}ireann",
  YEAR =         "1999",
}

@misc{researchgate, title={Context-Aware Web Applications Using the Pinpoint Infrastructure.}, url={https://www.researchgate.net/publication/220969113_context-aware_web_applications_using_the_pinpoint_infrastructure}, journal={ResearchGate}} 



@INBOOK{Cod72,
  AUTHOR="E. F. Codd",
  editor="R. Rustin",
  TITLE="{{Further Normalization of the Database Relational Model}}",
  CHAPTER="Database Systems, Courant Computer Science Symposia 6",
  pages="65-98",
  PUBLISHER="Prentice-Hall, Englewood Cliffs, N.J, USA",
  YEAR="1972",
}



%%%%%%%%%%%DDDDDDDDDDDDDDDDDDDDDDDDDDDDDDDDDDDDDDDDDDDDDDDDDDDDDDDDDDDDDDDDDDDDDDDDDDDDDDDDDDDDDDDDDDDDDDDDDDDD

@MISC{DFT01,
  AUTHOR =       "DFT-UK",
  TITLE =        "{{National Origin-Destination Databank - Database Application: User Manual - Version 1.0. Department for Transport}}",
  howpublished = "Online",
  YEAR =         "2001",
  address =      "London, UK",
  source =       "Online",
  url =          "http://www.dft.gov.uk/stellent/groups/dft\_transstrat/ documents/page/dft\_transstrat\_504834.hcsp",
  note =         "[13 April 2004]",
}


@MISC{DUB05,
  author =       "DB",
  title =        "{{Dublin Bus - Mission Statement}}",
  howpublished = "online, http://www.dublinbus.ie, (last accessed: October 2005)",
  year =         "2005",
}

@article{developers2015android,
	title={Android studio},
	author={Developers, Android},
	journal={developer. android. com},
	year={2015}
}

@article{dickson2013xamarin,
	title={Xamarin Mobile Development},
	author={Dickson, Jared},
	year={2013}
}

%%%%%%%%%%%%%%%%%%%FFFFFFFFFFFFFFFFF

@book{ferraro2011location,
	title={Location-aware applications},
	author={Ferraro, Richard and Aktihanoglu, Murat},
	year={2011},
	publisher={Manning Publications Co.}
}

@ONLINE{Firebase,
	AUTHOR = "Cade Metz",
	title = {{Firebase Does For Applications What Dropbox Did For Doc's}},
	howpublished = "Online",
	year = 2012,
	address = "London, UK",
	source = "Online",
	url = "https://www.wired.com/2012/04/firebase/",
	note = "[Accessed 19 October 2016]",
}
@incollection{fogl2016intelligent,
	title={Intelligent Displaying of Notes Based on Current Position and Time},
	author={Fogl, Jan and Dvorak, Jan and Krejcar, Ondrej and Kuca, Kamil},
	booktitle={Advanced Computer and Communication Engineering Technology},
	pages={693--705},
	year={2016},
	publisher={Springer}
}

%%%%%%%%%%%%%%%%%%%%%GGGGGGGGGGGGGGGGGGGGGGGGGGGGGGGGGGGGGG
@ONLINE{GSMSam,
	AUTHOR = "GSM Arena",
	TITLE = "{{Samsung Galaxy S7 edge}}",
	howpublished = "Online",
	YEAR = "2016",
	address = "London, UK",
	source = "Online",
	url =  "http://www.cellular.co.za/cellphone_inventor.htm",
	note = "[Accessed 16 October 2016]",
}

%%%%%%%%%%%%%%%%%%%%%%%%MMMMMMMMMMMMMMMMMMMMMMMMMMMMMMMMM

@book{munisamy,
	title={Self-Motivation Through Risk Taking! : Are You Leading Or Do You Wither with Problems?},
	author={Munisamy, M Nadarajan},
	year={2005},
	publisher={iUniverse, Inc.}
}
	

@book{myer2011beginning,
	title={Beginning PhoneGap},
	author={Myer, Thomas},
	year={2011},
	publisher={John Wiley \& Sons}
}

%%%%%%%%%%%%%%%%%%RRRRRRRRRRRRRRRRR
@article{ren_dunham_2000, 
	title={Using semantic caching to manage location dependent data in mobile computing},
	 DOI={10.1145/345910.345948}, 
	 journal={Proceedings of the 6th annual international conference on Mobile computing and networking - MobiCom '00}, author={Ren, Qun and Dunham, Margaret H.}, 
	 year={2000}} 
	
@misc{rankin2005distributed,
	title={Distributed location based service system},
	author={Rankin, P.J. and Griffiths, J.C.},
	url={https://www.google.com/patents/US6879838},
	year={2005},
	month=apr # "~12",
	publisher={Google Patents},
	note={US Patent 6,879,838}
}

%%%%%%%%%%%%%%%%%%%SSSSSSSSSSSSSSSSS
@article{studio6official,
	title={The Official IDE for Android},
	author={Studio, Android},
	journal={Android Studio URL: https://developer. android. com/studio/index.html},
	YEAR = {2016},
}

@article{sayed2005network,
	title={Network-based wireless location: challenges faced in developing techniques for accurate wireless location information},
	author={Sayed, Ali H and Tarighat, Alireza and Khajehnouri, Nima},
	journal={IEEE signal processing magazine},
	volume={22},
	number={4},
	pages={24--40},
	year={2005},
	publisher={IEEE}
}
%%%%%%%%%%%%%%%%%%TTTTTTTTTTTTTTTTTTTT
@ONLINE{TPoint,
	AUTHOR = "Tutorials Point",
	title = {{SDLC V-Model} Model Description},
	howpublished = "Online",
	year = 2015,
	address = "London, UK",
	source = "Online",
	url = "https://www.tutorialspoint.com/sdlc/sdlc_v_model.htm",
	note = "[Accessed 15 October 2015]",
}
%%%%%%%%%%%%%%%%%%%%%%%%%%%UUUUUUUUUUUUUUUUUUU


%%%%%%%%%%%%%%%%%%%%%%%%WWWWWWWWWWWWWWW

@article{wan_alagar_2006, 
	title={Context-Aware Mobile Tour Guide}, DOI={10.1109/iccgi.2006.20}, 
	journal={2006 International Multi-Conference on Computing in the Global Information Technology - (ICCGI'06)}, 
	author={Wan, Kaiyu and Alagar, Vasu},
	year={2006}} 

@book{williams2013corona,
	title={Corona SDK Application Design},
	author={Williams, Daniel},
	year={2013},
	publisher={Packt Publishing Ltd}
}

@misc{WindowsAzureName, 
	title={Upcoming Name Change for Windows Azure}, url={https://azure.microsoft.com/en-us/blog/upcoming-name-change-for-windows-azure/}, 
	journal={Microsoft Azure: Cloud Computing Platform & Services}, publisher={Microsoft}, 
	author={Steven Martain}, 
	year={2014}, 
	month={Mar}} 

%%%%%%%%%%%%%%%%%%%%%%%%%%QQQQQQQQQQQQQQ
@inproceedings{qian2009cloud,
	title={Cloud computing: an overview},
	author={Qian, Ling and Luo, Zhiguo and Du, Yujian and Guo, Leitao},
	booktitle={IEEE International Conference on Cloud Computing},
	pages={626--631},
	year={2009},
	organization={Springer}
}
%%%%%%%%%%%%%%%%%%%%%%%%%%%%%%%%%%%%%%%%%%%%%%


